<record><leader>00000cas a22000007a 4500</leader><controlfield tag="001">17955101</controlfield><controlfield tag="008">880514d19021969nduwr ne      0    0eng d</controlfield><datafield ind1=" " ind2=" " tag="010"><subfield code="a">sn 88076315 </subfield></datafield><datafield ind1=" " ind2=" " tag="040"><subfield code="a">NOP</subfield><subfield code="b">eng</subfield><subfield code="c">NOP</subfield><subfield code="d">OCLCQ</subfield></datafield><datafield ind1=" " ind2=" " tag="042"><subfield code="a">msc</subfield></datafield><datafield ind1="0" ind2="4" tag="245"><subfield code="a">The Starkweather times.</subfield></datafield><datafield ind1=" " ind2=" " tag="260"><subfield code="a">Starkweather, Ramsey Co., N.D. :</subfield><subfield code="b">Simpson &amp; Resler</subfield></datafield><datafield ind1=" " ind2=" " tag="300"><subfield code="a">39 v. :</subfield><subfield code="b">ill. ;</subfield><subfield code="c">39-57 cm.</subfield></datafield><datafield ind1=" " ind2=" " tag="310"><subfield code="a">Weekly</subfield></datafield><datafield ind1="1" ind2=" " tag="362"><subfield code="a">Began in Sept. 1902.</subfield></datafield><datafield ind1="0" ind2=" " tag="362"><subfield code="a">-v. 38, no. 20 (Apr. 17, 1941).</subfield></datafield><datafield ind1=" " ind2=" " tag="515"><subfield code="a">Volume sequence procedes from "XXXIX, no. 11" to "38, no. 12."</subfield></datafield><datafield ind1=" " ind2=" " tag="530"><subfield code="a">Available on microfilm from the State Historical Society of North Dakota.</subfield></datafield><datafield ind1=" " ind2=" " tag="588"><subfield code="a">Description based on: Vol. 2, no. 10 (Nov. 6, 1903).</subfield></datafield><datafield ind1=" " ind2=" " tag="752"><subfield code="a">United States</subfield><subfield code="b">North Dakota</subfield><subfield code="c">Ramsey</subfield><subfield code="d">Starkweather.</subfield></datafield><datafield ind1="1" ind2=" " tag="029"><subfield code="a">AU@</subfield><subfield code="b">000025837413</subfield></datafield></record>